%YAML 1.1
%TAG !u! tag:unity3d.com,2011:
--- !u!1 &1655422778100226651
GameObject:
  m_ObjectHideFlags: 0
  m_CorrespondingSourceObject: {fileID: 0}
  m_PrefabInstance: {fileID: 0}
  m_PrefabAsset: {fileID: 0}
  serializedVersion: 6
  m_Component:
  - component: {fileID: 4437398516123207315}
  - component: {fileID: 8577480870718577168}
  - component: {fileID: 1558020014440273100}
  - component: {fileID: 8410184800724835608}
  m_Layer: 0
  m_Name: New SkeletonAnimation
  m_TagString: Untagged
  m_Icon: {fileID: 0}
  m_NavMeshLayer: 0
  m_StaticEditorFlags: 0
  m_IsActive: 1
--- !u!4 &4437398516123207315
Transform:
  m_ObjectHideFlags: 0
  m_CorrespondingSourceObject: {fileID: 0}
  m_PrefabInstance: {fileID: 0}
  m_PrefabAsset: {fileID: 0}
  m_GameObject: {fileID: 1655422778100226651}
  m_LocalRotation: {x: -0, y: -0, z: -0, w: 1}
  m_LocalPosition: {x: 0, y: 0, z: 3.25}
  m_LocalScale: {x: 1, y: 1, z: 1}
  m_Children: []
  m_Father: {fileID: 3046518752796353852}
  m_RootOrder: 0
  m_LocalEulerAnglesHint: {x: 0, y: 0, z: 0}
--- !u!33 &8577480870718577168
MeshFilter:
  m_ObjectHideFlags: 0
  m_CorrespondingSourceObject: {fileID: 0}
  m_PrefabInstance: {fileID: 0}
  m_PrefabAsset: {fileID: 0}
  m_GameObject: {fileID: 1655422778100226651}
  m_Mesh: {fileID: 0}
--- !u!23 &1558020014440273100
MeshRenderer:
  m_ObjectHideFlags: 0
  m_CorrespondingSourceObject: {fileID: 0}
  m_PrefabInstance: {fileID: 0}
  m_PrefabAsset: {fileID: 0}
  m_GameObject: {fileID: 1655422778100226651}
  m_Enabled: 1
  m_CastShadows: 1
  m_ReceiveShadows: 1
  m_DynamicOccludee: 1
  m_MotionVectors: 1
  m_LightProbeUsage: 1
  m_ReflectionProbeUsage: 1
  m_RenderingLayerMask: 1
  m_RendererPriority: 0
  m_Materials:
  - {fileID: 2100000, guid: f32492d7548b2844db39901f2ac8006c, type: 2}
  - {fileID: 2100000, guid: 5c99f264892f90343ae04d3b745b4274, type: 2}
  - {fileID: 2100000, guid: f32492d7548b2844db39901f2ac8006c, type: 2}
  - {fileID: 2100000, guid: 5c99f264892f90343ae04d3b745b4274, type: 2}
  - {fileID: 2100000, guid: 13b06dfc39e0ffb4d8aa7b535d6e9ef5, type: 2}
  - {fileID: 2100000, guid: 5c99f264892f90343ae04d3b745b4274, type: 2}
  - {fileID: 2100000, guid: f32492d7548b2844db39901f2ac8006c, type: 2}
  - {fileID: 2100000, guid: 57d322f8a5b23c04d929665118353be8, type: 2}
  - {fileID: 2100000, guid: f32492d7548b2844db39901f2ac8006c, type: 2}
  - {fileID: 2100000, guid: 5c99f264892f90343ae04d3b745b4274, type: 2}
  - {fileID: 2100000, guid: f32492d7548b2844db39901f2ac8006c, type: 2}
  - {fileID: 2100000, guid: 5c99f264892f90343ae04d3b745b4274, type: 2}
  - {fileID: 2100000, guid: 356e5e0fc8c020348a2db77461b9eb3e, type: 2}
  - {fileID: 2100000, guid: f32492d7548b2844db39901f2ac8006c, type: 2}
  - {fileID: 2100000, guid: 57d322f8a5b23c04d929665118353be8, type: 2}
  - {fileID: 2100000, guid: f32492d7548b2844db39901f2ac8006c, type: 2}
  - {fileID: 2100000, guid: 13b06dfc39e0ffb4d8aa7b535d6e9ef5, type: 2}
  m_StaticBatchInfo:
    firstSubMesh: 0
    subMeshCount: 0
  m_StaticBatchRoot: {fileID: 0}
  m_ProbeAnchor: {fileID: 0}
  m_LightProbeVolumeOverride: {fileID: 0}
  m_ScaleInLightmap: 1
  m_PreserveUVs: 0
  m_IgnoreNormalsForChartDetection: 0
  m_ImportantGI: 0
  m_StitchLightmapSeams: 0
  m_SelectedEditorRenderState: 3
  m_MinimumChartSize: 4
  m_AutoUVMaxDistance: 0.5
  m_AutoUVMaxAngle: 89
  m_LightmapParameters: {fileID: 0}
  m_SortingLayerID: 0
  m_SortingLayer: 0
  m_SortingOrder: 0
--- !u!114 &8410184800724835608
MonoBehaviour:
  m_ObjectHideFlags: 0
  m_CorrespondingSourceObject: {fileID: 0}
  m_PrefabInstance: {fileID: 0}
  m_PrefabAsset: {fileID: 0}
  m_GameObject: {fileID: 1655422778100226651}
  m_Enabled: 1
  m_EditorHideFlags: 0
  m_Script: {fileID: 11500000, guid: d247ba06193faa74d9335f5481b2b56c, type: 3}
  m_Name: 
  m_EditorClassIdentifier: 
  skeletonDataAsset: {fileID: 11400000, guid: 0e3eab3a5d2e5914b9457d909e5c29f6, type: 2}
  initialSkinName: CatPapa
  initialFlipX: 0
  initialFlipY: 0
  separatorSlotNames: []
  zSpacing: 0
  useClipping: 1
  immutableTriangles: 0
  pmaVertexColors: 1
  clearStateOnDisable: 0
  tintBlack: 0
  singleSubmesh: 0
  addNormals: 0
  calculateTangents: 0
  maskInteraction: 0
  maskMaterials:
    materialsMaskDisabled: []
    materialsInsideMask: []
    materialsOutsideMask: []
  disableRenderingOnOverride: 1
  _animationName: Idle
  loop: 1
  timeScale: 1
--- !u!1 &5646991538955412019
GameObject:
  m_ObjectHideFlags: 0
  m_CorrespondingSourceObject: {fileID: 0}
  m_PrefabInstance: {fileID: 0}
  m_PrefabAsset: {fileID: 0}
  serializedVersion: 6
  m_Component:
  - component: {fileID: 3046518752796353852}
  - component: {fileID: 4354705004475503786}
  - component: {fileID: 2231009998004994041}
  - component: {fileID: 6911717172278643028}
  m_Layer: 0
  m_Name: Enemy
  m_TagString: Enemy
  m_Icon: {fileID: 0}
  m_NavMeshLayer: 0
  m_StaticEditorFlags: 0
  m_IsActive: 1
--- !u!4 &3046518752796353852
Transform:
  m_ObjectHideFlags: 0
  m_CorrespondingSourceObject: {fileID: 0}
  m_PrefabInstance: {fileID: 0}
  m_PrefabAsset: {fileID: 0}
  m_GameObject: {fileID: 5646991538955412019}
  m_LocalRotation: {x: -0, y: -0, z: -0, w: 1}
  m_LocalPosition: {x: 0, y: 15, z: -3.25}
  m_LocalScale: {x: 0.9, y: 0.9, z: 1}
  m_Children:
  - {fileID: 4437398516123207315}
  m_Father: {fileID: 0}
  m_RootOrder: 0
  m_LocalEulerAnglesHint: {x: 0, y: 0, z: 0}
--- !u!50 &4354705004475503786
Rigidbody2D:
  serializedVersion: 4
  m_ObjectHideFlags: 0
  m_CorrespondingSourceObject: {fileID: 0}
  m_PrefabInstance: {fileID: 0}
  m_PrefabAsset: {fileID: 0}
  m_GameObject: {fileID: 5646991538955412019}
  m_BodyType: 1
  m_Simulated: 1
  m_UseFullKinematicContacts: 0
  m_UseAutoMass: 0
  m_Mass: 1
  m_LinearDrag: 0
  m_AngularDrag: 0.05
  m_GravityScale: 1
  m_Material: {fileID: 0}
  m_Interpolate: 0
  m_SleepingMode: 1
  m_CollisionDetection: 0
  m_Constraints: 6
--- !u!114 &2231009998004994041
MonoBehaviour:
  m_ObjectHideFlags: 0
  m_CorrespondingSourceObject: {fileID: 0}
  m_PrefabInstance: {fileID: 0}
  m_PrefabAsset: {fileID: 0}
  m_GameObject: {fileID: 5646991538955412019}
  m_Enabled: 1
  m_EditorHideFlags: 0
  m_Script: {fileID: 11500000, guid: f9b8a4f6e84a2734bb7eef430a7ed210, type: 3}
  m_Name: 
  m_EditorClassIdentifier: 
  GM: {fileID: 0}
  type: 0
  state: {fileID: 8410184800724835608}
  speed: 5
  chanceToStop: 3
  startPos: 0
--- !u!70 &6911717172278643028
CapsuleCollider2D:
  m_ObjectHideFlags: 0
  m_CorrespondingSourceObject: {fileID: 0}
  m_PrefabInstance: {fileID: 0}
  m_PrefabAsset: {fileID: 0}
  m_GameObject: {fileID: 5646991538955412019}
  m_Enabled: 1
  m_Density: 1
  m_Material: {fileID: 0}
  m_IsTrigger: 1
  m_UsedByEffector: 0
  m_UsedByComposite: 0
  m_Offset: {x: 0, y: 1.3}
  m_Size: {x: 2.2879016, y: 3.2350054}
  m_Direction: 0
